@incollection{NIPS,
title = {Imagination-Augmented Agents for Deep Reinforcement Learning},
author = {Racani\`{e}re, S\'{e}bastien and Weber, Theophane and Reichert, David and Buesing, Lars and Guez, Arthur and Jimenez Rezende, Danilo and Puigdom\`{e}nech Badia, Adri\`{a} and Vinyals, Oriol and Heess, Nicolas and Li, Yujia and Pascanu, Razvan and Battaglia, Peter and Hassabis, Demis and Silver, David and Wierstra, Daan},
booktitle = {Advances in Neural Information Processing Systems 30},
editor = {I. Guyon and U. V. Luxburg and S. Bengio and H. Wallach and R. Fergus and S. Vishwanathan and R. Garnett},
pages = {5690--5701},
year = {2017},
publisher = {Curran Associates, Inc.},
url = {http://papers.nips.cc/paper/7152-imagination-augmented-agents-for-deep-reinforcement-learning.pdf}
}
